@article{jqual-inference,
	author = "David Greenfieldboyce and Jeffery Foster",
	title = "Type Qualifier Inference for Java",
	publisher = "OOPSLA",
	year = 2007,
	institution = "University of Maryland, College Park",
}

@article{jqual-qualify,
	author = "David Greenfieldboyce and Jeffery Foster",
	title = "Type Qualifiers for Java",
	month = "August",
	year = 2005,
	institution = "University of Maryland, College Park",
}

@article{theory-of-qual,
	author = "Jeffery Foster and Manuel Faehnlich and Alexander Aiken",
	title = "A Theory of Type Qualifiers",
	month = "May",
	year = "1999",
	institution = "University of Maryland, College Park",
	publisher = "ACM SIGPLAN",
}

@article{staticanal,
    title = "On the Value of Static Analysis for Fault Detection in Software",
    journal = "IEEE Transactions in Software Engineering",
    volume = 32,
    author = "Jiang Zheng and Laurie Williams and Nachiappan Nagappan and Will Snipes and John P. Hudepohl and Mladen A. Vouk",
    annote = {Study on the effectiveness of static analysis in industry.  Finds a lot of useful figures regarding the quantity of issues found by various tools (including code analysis, unit testing, and static analysis), as well as the effect those static analysis tools have on the quality of the codebase.  }
}

@article{rust-is-dope,
    title = "The Rust Language",
    journal = "ACM SIGAda",
    author = "Nicholas Matsakis and Felix S. Klock II",
    annote = {Publication from the initial release of the rust programming language which introduces the formal concepts behind rust's ownership-based type system},
    month = "October",
    year = "2014"
}

@article{rust-lang-spec,
    title = "The Rust Programming Language",
    author = "The Rust Team",
    DOI = "https://killercup.github.io/trpl-ebook/trpl-2015-05-13-a4.pdf",
    year = "2015",
    month = "May"
}

@article{mozilla-pork,
    title = "Writing and Designing C++ Extensions and Transformers",
    author = "Vincent Ordy",
    publisher = "Laboratoire de Recherche et Développement de l’Epita",
    month = "December",
    year = "2009",
    annote = {Brief survey of C++ transformation techniques used in industry.  Only academic mention of Pork}
}

@online{mozilla-pork-blog,
    DOI = "https://blog.mozilla.org/tglek/2007/07/13/dehydra-prcheck-squash-in-mercurial/",
    title = "Dehydra, prcheck, squash – in mercurial",
    author = "Taras Glek",
    year = "2007",
    month = "July",
    publisher = "Mozilla"
}

@article{static-anal-experience,
    title = "Experiences with Program Static Analysis",
    author = "Hideto Ogasawara and Minoru Aizawa and Atsushi Yamada",
    year = "1998",
    publisher = "Toshiba Corporation",
    annote = {Adorable little briefing on the experiences that the Systems \& Software Labritories at Toshi had with static analysis tools being added to their development pipeline}
}

@article{libclang-survey,
    title = "Comprehensive Analysis of C++ Applications using libClang API",
    author = "Stephen Schaub and Brian A. Malloy",
    institution = "Clemson University School of Computing",
    publisher = "Software Engineering and Data Engineering: SEDE",
    year = "2014",
    month = "October",
    annote = {Survey of tools that use libClang.  Lots of good information to cite on how libClang is leaps and bounds better than what the industry was previously using}
}

@inline{cpp-sucks,
    title = "Defective C++",
    author = "Yossi Kreinin",
    DOI = "http://www.yosefk.com/c++fqa/defective.html",
    year = "2016",
    month = "November",
    annote = {Part of a series questioning the C++ FAQ.  Called FQA (Frequently Questioned Answers).  Lots of complaints about C++ especailly regarding its grammar}
}

@inproceedings{parse-cpp,
    author = {Padioleau, Yoann},
    title = {Parsing C/C++ Code Without Pre-processing},
    booktitle = {Proceedings of the 18th International Conference on Compiler Construction: Held As Part of the Joint European Conferences on Theory and Practice of Software, ETAPS 2009},
    series = {CC '09},
    year = {2009},
    isbn = {978-3-642-00721-7},
    location = {York, UK},
    pages = {109--125},
    numpages = {17},
    url = {http://dx.doi.org/10.1007/978-3-642-00722-4_9},
    doi = {10.1007/978-3-642-00722-4_9},
    acmid = {1532837},
    publisher = {Springer-Verlag},
    address = {Berlin, Heidelberg},
} 

@article{lclint-og,
    author = "David Evans and John Guttag and James Horning and Yang Meng Tan",
    title = "LCLint: A Tool for Using Specifications to Check Code",
    year = "1994",
    month = "December",
    journal = "SIGSOFT Symposium on the Foundations of Software Engineering",
    publisher = "University of Virginia Department of Computer Science",
    annote = {LCLint is a really old tool designed to take C code along with some extra supplimental specifications and to check that C code against those specifications}
}

@article{lclint-memory,
    author = "David Evans",
    title = "Static Detection of Dynamic Memory Errors",
    year = "1996",
    month = "May",
    journal = "SIGPLAN",
    annote = "Adding a few annotations to LCLint so that it can check for nullness errors and some memory errors statically"
}

@online{moz-wiki-static-anal,
    title = "Static Analysis",
    publisher = "Mozilla Wiki",
    DOI = {https://wiki.mozilla.org/Static_Analysis},
    year = "2017",
    month = "November",
    annote = {Mozilla Wiki referencing the static analysis tooling in passing}
}

@book{language-standard,
    author = {Stroustrup, Bjarne},
    title = {The  C++ Programming Language},
    year = {2000},
    isbn = {0201700735},
    edition = {3rd},
    publisher = {Addison-Wesley Longman Publishing Co., Inc.},
    address = {Boston, MA, USA},
} 

@MISC{gnu-manual,
    author = {Sandra Loosemore and Richard M. Stallman and Andrew Oram},
    title = {The GNU C Library Reference ManualThe GNU C Library Reference Manual},
    year = {}
}
